@Misc{historiadelamusica,
author = {Carmen Bl\'azquez Izquierdo},
title = {Historia de la M\'usica del siglo XX},
howpublished = {Online, printed for students},
year = {2012},
note = {http://www.scribd.com/doc/142409764/Historia-de-la-musica-s-XX-4o-LOGSE-2012-13-pdf},
}
@book{styleandidea,
  author    = {Arnold Schoenberg}, 
  title     = {Style and Idea},
  publisher = {University of California Press},
  year      = 1984,
  isbn      = {0520052943},
  note      = {http://books.google.es/books?id=jbXtxJezk5cC}
}

@misc{ wiki:twelvetonetechnique,
   author = "Wikipedia",
   title = "Twelve-tone technique --- Wikipedia{,} The Free Encyclopedia",
   year = "2014",
   url = "http://en.wikipedia.org/w/index.php?title=Twelve-tone_technique&oldid=599359589",
   note = "[Online; accessed 10-June-2014]"
 }
 
@Misc{dodecaphonicknots,
author = {Franck Jedrzejewski},
title = {o decaphonic Knots and Top ology of Words},
howpublished = {PDF at IRCAM},
OPTmonth = {October},
OPTyear = {2008},
OPTnote = {University of Pisa}
}

@Book{palisca,
author = {J. Peter Burkholder and Donald J. Grout and Claude V. Palisca},
title = {Historia de la m\'usica occidental},
publisher = {Alicanza M\'usica},
year = {2008},
volume = {1 y 2},
edition = {7},
note = {Pages 894-906},
}
